@online{merge-sort-wiki,
  author = {{Wikipedia}},
  title = {Merge sort},
  url = {https://en.wikipedia.org/wiki/Merge_sort}
}